<?xml version="1.0" encoding="UTF-8"?><record xmlns="http://www.loc.gov/MARC21/slim" xmlns:cinclude="http://apache.org/cocoon/include/1.0" xmlns:zs="http://www.loc.gov/zing/srw/">
  <leader>00603cz  a2200133n  4500</leader>
  <controlfield tag="001">n  89602124 </controlfield>
  <controlfield tag="003">DLC</controlfield>
  <controlfield tag="005">20100624074836.0</controlfield>
  <controlfield tag="008">890113n| acannaab|          |n aaa      </controlfield>
  <datafield tag="010" ind1=" " ind2=" ">
    <subfield code="a">n  89602124 </subfield>
  </datafield>
  <datafield tag="040" ind1=" " ind2=" ">
    <subfield code="a">DLC</subfield>
    <subfield code="c">DLC</subfield>
    <subfield code="d">Uk</subfield>
    <subfield code="d">DLC</subfield>
  </datafield>
  <datafield tag="100" ind1="1" ind2=" ">
    <subfield code="a">King, Christopher Rolland,</subfield>
    <subfield code="d">1938-</subfield>
  </datafield>
  <datafield tag="670" ind1=" " ind2=" ">
    <subfield code="a">nuc89-3340: His The Nagari Pracharini Sabha (Society ... [MI] 1974</subfield>
    <subfield code="b">(hdg. on MnU rept.: King, Christopher Rolland, 1938- ; usage: Christopher Rolland King)</subfield>
  </datafield>
  <datafield tag="670" ind1=" " ind2=" ">
    <subfield code="a">Rangbhumi, 2010:</subfield>
    <subfield code="b">t.p. (Christopher King) jkt. (taught hist. and communication studies at U. of Windsor, Canada; translator of Gaban: the stolen jewels)</subfield>
  </datafield>
</record>